@book{Goodrich2002,
	Address = {Hoboken, {NJ}},
	Author = {Goodrich, Michael T. and Tamassia, Roberto},
	Publisher = {John Wiley {\rm \&} Sons},
	Title = {Algorithm Design: Foundations, Analysis, and Internet Examples},
	Year = {2002}}

@book{MullerHannemann2010,
	Address = {Heidelberg, Germany},
	Editor = {M{\"{u}}ller-Hannemann, Matthias and Schirra, Stefan},
	Doi = {http://dx.doi.org/10.1007/978-3-642-14866-8},
	Publisher = {Springer-Verlag Berlin Heidelberg},
	Series = {Lecture Notes in Computer Science},
	Title = {Algorithm Engineering: Bridging the Gap between Algorithm Theory and Practice},
	Volume = {5971},
	Year = {2010}}

@book{Johnsonbaugh2004,
	Address = {Upper Saddle River, {NJ}},
	Author = {Johnsonbaugh, Richard and Schaefer, Marcus},
	Publisher = {Prentice Hall},
	Title = {Algorithms},
	Year = {2004}}

@book{Mehlhorn2008,
	Address = {Heidelberg, Germany},
	Author = {Mehlhorn, Kurt and Sanders, Peter},
	Doi = {http://dx.doi.org/10.1007/978-3-540-77978-0},
	Publisher = {Springer-Verlag Berlin Heidelberg},
	Title = {Algorithms and Data Structures: The Basic Toolbox},
	Url = {http://www.mpi-inf.mpg.de/~mehlhorn/Toolbox.html},
	Year = {2008},
	Annote = {PDF copies of the book can be downloaded on this web page.}}

@book{Baldwin2004,
	Address = {Hingham, {MA}},
	Author = {Baldwin, Douglas and Scragg, Greg W.},
	Publisher = {Charles River Media},
	Series = {Computer Engineering Series},
	Title = {Algorithms and Data Structures: The Science of Computing},
	Year = {2004}}

@book{Storer2002,
	Address = {New York, {NY}},
	Author = {Storer, James Andrew},
	Publisher = {Birkh{\"{a}}user Boston},
	Title = {An Introduction to Data Structures and Algorithms},
	Year = {2002}}

@book{Dale2013,
	Address = {Burlington, {MA}},
	Author = {Dale, Nell},
	Edition = {Fifth},
	Publisher = {Jones and Bartlett Learning},
	Title = {{C++} Plus Data Structures},
	Year = {2013}}

@book{He2012,
	Address = {New York, {NY}},
	Author = {He, Harry},
	Publisher = {Apress},
	Title = {Coding Interviews: Questions, Answers, {\rm \&} Solutions},
	Year = {2012}}

@book{Halim2011,
	Address = {Raleigh, {NC}},
	Author = {Halim, Steven and Halim, Felix},
	Edition = {Second},
	Publisher = {Lulu Enterprises},
	Title = {Competitive Programming 2: This increases the lower bound of Programming Contests. Again.},
	Year = {2011}}

@book{McDowell2012,
	Address = {Palo Alto, {CA}},
	Author = {McDowell, Gayle Laakmann},
	Edition = {Fifth},
	Publisher = {CareerCup},
	Title = {Cracking the Coding Interview: 150 Programming Questions and Solutions},
	Year = {2012}}

@book{Carrano2013,
	Address = {Upper Saddle River, {NJ}},
	Author = {Carrano, Frank M. and Henry, Timothy},
	Edition = {Sixth},
	Publisher = {Prentice Hall},
	Title = {Data Abstraction {\rm \&} Problem Solving with {C++}: Walls and Mirrors},
	Year = {2013}}

@book{Koffman2010,
	Address = {Hoboken, {NJ}},
	Author = {Koffman, Elliot B. and Wolfgang, Paul A. T.},
	Edition = {Second},
	Publisher = {John Wiley {\rm \&} Sons},
	Title = {Data Structures: Abstraction and Design Using Java},
	Year = {2010}}

@book{Sahni2000,
	Address = {Singapore},
	Author = {Sahni, Sartaj},
	Publisher = {McGraw-Hill},
	Title = {Data Structures, Algorithms, and Applications in {Java}},
	Year = {2000}}

@book{Carrano2012,
	Address = {Upper Saddle River, {NJ}},
	Author = {Carrano, Frank M.},
	Edition = {Third},
	Publisher = {Prentice Hall},
	Title = {Data Structures and Abstractions with Java},
	Year = {2012}}

@book{Shaffer2013a,
	Address = {Blacksburg, {VA}},
	Author = {Shaffer, Clifford A.},
	Edition = {3.2 ({Java} Version)},
	Howpublished = {Available online at: \url{http://people.cs.vt.edu/~shaffer/Book/} and \url{http://people.cs.vt.edu/~shaffer/Book/JAVA3elatest.pdf}; December 9, 2013 was the last accessed date},
	Month = {March 28},
	Publisher = {Self-published},
	Title = {Data Structures and Algorithm Analysis},
	Url = {http://people.cs.vt.edu/~shaffer/Book/JAVA3elatest.pdf},
	Year = {2013}}

@book{Shaffer2013,
	Address = {Blacksburg, {VA}},
	Author = {Shaffer, Clifford A.},
	Edition = {3.2 ({C++} Version)},
	Howpublished = {Available online at: \url{http://people.cs.vt.edu/~shaffer/Book/} and \url{http://people.cs.vt.edu/~shaffer/Book/C++3elatest.pdf}; December 9, 2013 was the last accessed date},
	Month = {March 28},
	Publisher = {Self-published},
	Title = {Data Structures and Algorithm Analysis},
	Url = {http://people.cs.vt.edu/~shaffer/Book/C++3elatest.pdf},
	Year = {2013}}

@book{Weiss2007a,
	Address = {Reading, {MA}},
	Author = {Weiss, Mark Allen},
	Edition = {Third},
	Publisher = {Addison-Wesley},
	Title = {Data Structures and Algorithm Analysis in {C++}},
	Year = {2007}}

@book{Weiss2012,
	Address = {Upper Saddle River, {NJ}},
	Author = {Weiss, Mark Allen},
	Edition = {Third},
	Publisher = {Pearson Education},
	Title = {Data Structures and Algorithm Analysis in Java},
	Year = {2012}}

@book{Chang2003,
	Address = {Singapore},
	Editor = {Chang, Shi-Kuo},
	Publisher = {World Scientific Publishing},
	Series = {Series on Software Engineering and Knowledge Engineering},
	Title = {Data Structures and Algorithms},
	Volume = {13},
	Year = {2003}}

@book{Drozdek2001,
	Address = {Pacific Groove, {CA}},
	Author = {Drozdek, Adam},
	Edition = {Second},
	Publisher = {Brooks/Cole},
	Title = {Data Structures and Algorithms in {C++}},
	Year = {2001}}

@book{Drozdek2013,
	Address = {Boston, {MA}},
	Author = {Drozdek, Adam},
	Edition = {Fourth},
	Publisher = {Cengage Learning},
	Title = {Data Structures and Algorithms in {C++}},
	Year = {2013}}

@book{Goodrich2010,
	Address = {Hoboken, {NJ}},
	Author = {Goodrich, Michael T. and Tamassia, Roberto},
	Edition = {Fifth},
	Publisher = {John Wiley {\rm \&} Sons},
	Title = {Data Structures and Algorithms in Java},
	Year = {2010}}

@book{Goodrich2014,
	Address = {Hoboken, {NJ}},
	Author = {Goodrich, Michael T. and Tamassia, Roberto and Goldwasser, Michael H.},
	Edition = {Sixth},
	Publisher = {John Wiley {\rm \&} Sons},
	Title = {Data Structures and Algorithms in Java},
	Year = {2014}}

@book{Lafore2003,
	Address = {Indianapolis, {IN}},
	Author = {Lafore, Robert},
	Edition = {Second},
	Publisher = {Sams Publishing},
	Title = {Data Structures and Algorithms in Java},
	Year = {2003}}

@book{Goodrich2005,
	Address = {New York, {NY}},
	Author = {Goodrich, Michael T. and Tamassia, Roberto},
	Edition = {Fourth},
	Publisher = {John Wiley {\rm \&} Sons},
	Title = {Data Structures and Algorithms in Java},
	Year = {2005}}

@book{Drozdek2008,
	Address = {Singapore},
	Author = {Drozdek, Adam},
	Edition = {Third},
	Publisher = {Cengage Learning},
	Title = {Data Structures and Algorithms in Java},
	Year = {2008}}

@book{Drozdek2005,
	Address = {Boston, {MA}},
	Author = {Drozdek, Adam},
	Edition = {Second},
	Publisher = {Course Technology},
	Title = {Data Structures and Algorithms in Java},
	Year = {2005}}

@book{Goodrich2001,
	Address = {New York, {NY}},
	Author = {Goodrich, Michael T. and Tamassia, Roberto},
	Edition = {Second},
	Publisher = {John Wiley {\rm \&} Sons},
	Title = {Data Structures and Algorithms in Java},
	Year = {2001}}

@book{Goodrich2013,
	Address = {Hoboken, {NJ}},
	Author = {Goodrich, Michael T. and Tamassia, Roberto and Goldwasser, Michael H.},
	Publisher = {John Wiley {\rm \&} Sons},
	Title = {Data Structures and Algorithms in Python},
	Year = {2013}}

@book{Karumanchi2011,
	Address = {Hyderabad, India},
	Author = {Karumanchi, Narasimha},
	Edition = {Second},
	Publisher = {CareerMonk Publications},
	Title = {Data Structures and Algorithms Made Easy},
	Year = {2011}}

@book{McAllister2009,
	Address = {Sudbury, {MA}},
	Author = {McAllister, William},
	Publisher = {Jones and Bartlett Publishers},
	Title = {Data Structures and Algorithms using Java},
	Year = {2009}}

@book{Main2011,
	Address = {Reading, {MA}},
	Author = {Main, Michael and Savitch, Walter},
	Edition = {Fourth},
	Note = {Lecture slides based on this book are available online at: \url{http://www.cs.colorado.edu/~main/supplements/lectures.html}; September 20, 2010 was the last accessed date},
	Publisher = {Addison-Wesley},
	Title = {Data Structures and Other Objects Using C++},
	Url = {http://www.cs.colorado.edu/~main/dsoc.html},
	Year = {2011}}

@book{Main2011a,
	Address = {Upper Saddle River, {NJ}},
	Author = {Main, Michael},
	Edition = {Fourth},
	Publisher = {Prentice Hall},
	Title = {Data Structures and Other Objects Using Java},
	Year = {2011}}

@book{Weiss2000,
	Address = {Reading, {MA}},
	Author = {Weiss, Mark Allen},
	Edition = {Second},
	Publisher = {Addison-Wesley},
	Title = {Data Structures and Problem Solving Using {C++}},
	Year = {2000}}

@book{Weiss2010,
	Address = {Reading, {MA}},
	Author = {Weiss, Mark Allen},
	Edition = {Fourth},
	Publisher = {Addison Wesley},
	Title = {Data Structures and Problem Solving Using Java},
	Year = {2010}}

@book{Waite1998,
	Address = {Corte Madera, {CA}},
	Author = {Waite, Mitchell and Lafore, Robert},
	Publisher = {Waite Group Press},
	Series = {Mitchell Waite Signature Series},
	Title = {Data Structures {\rm \&} Algorithms in Java},
	Year = {1998},
	Annote = {Waite Group Press, a division of Sams Publishing}}

@book{Malik2010,
	Address = {Boston, {MA}},
	Author = {Malik, D. S.},
	Edition = {Second},
	Publisher = {Course Technology},
	Title = {Data Structures Using {C++}},
	Year = {2010}}

@book{Wang2009,
	Address = {Burlington, {MA}},
	Editor = {Wang, Laung-Terng and Chang, Yao-Wen and Cheng, Kwang-Ting (Tim)},
	Publisher = {Morgan Kaufmann},
	Series = {The Morgan Kaufmann Series in Systems on Silicon},
	Title = {Electronic Design Automation: Synthesis, Verification, and Test},
	Year = {2009}}

@book{Gerez1999,
	Address = {Chichester, West Sussex, England, {U.K.}},
	Author = {Gerez, Sabih H.},
	Publisher = {John Wiley {\rm \&} Sons},
	Title = {Algorithms for {VLSI} Design Automation},
	Year = {1999}}

@book{Sherwani1999,
	Address = {Norwell, {MA}},
	Author = {Sherwani, Naveed A.},
	Doi = {http://dx.doi.org/10.1007/b116436},
	Edition = {Third},
	Publisher = {Kluwer Academic Publishers},
	Title = {Algorithms for {VLSI} Physical Design Automation},
	Year = {1999}}

@book{Aziz2012,
	Author = {Aziz, Adnan and Prakash, Amit and Lee, Tsung-Hsien},
	Edition = {Version 1.0.3},
	Month = {October},
	Publisher = {Self-published},
	Title = {Elements of Programming Interviews},
	Year = {2012}}

@book{Stephens2013a,
	Address = {Indianapolis, {IN}},
	Author = {Stephens, Rod},
	Publisher = {John Wiley {\rm \&} Sons},
	Title = {Essential Algorithms: A Practical Approach to Computer Algorithms},
	Year = {2013}}

@book{Knuth1997,
	Address = {Reading, {MA}},
	Author = {Knuth, Donald E.},
	Edition = {Third},
	Publisher = {Addison-Wesley},
	Series = {The Art of Computer Programming},
	Title = {Fundamental Algorithms},
	Volume = {1},
	Year = {1997}}

@book{Alpert2009,
	Address = {Boca Raton, {FL}},
	Editor = {Alpert, Charles J. and Mehta, Dinesh P. and Sapatnekar, Sachin S.},
	Publisher = {{CRC} Press},
	Title = {Handbook of Algorithms for Physical Design Automation},
	Year = {2009}}

@book{Mehta2005,
	Address = {Boca Raton, {FL}},
	Author = {Mehta, Dinesh P. and Sahni, Sartaj},
	Publisher = {Chapman {\rm \&} Hall/{CRC}},
	Series = {Chapman {\rm \&} Hall/{CRC} Computer {\rm \&} Information Science},
	Title = {Handbook of Data Structures and Applications},
	Year = {2005}}

@book{Cormen2001,
	Address = {Cambridge, {MA}},
	Author = {Cormen, Thomas H. and Leiserson, Charles E. and Rivest, Ronald L. and Stein, Clifford},
	Edition = {Second},
	Publisher = {{MIT} Press},
	Title = {Introduction to Algorithms},
	Year = {2001}}

@book{Cormen2009,
	Address = {Cambridge, {MA}},
	Author = {Cormen, Thomas H. and Leiserson, Charles E. and Rivest, Ronald L. and Stein, Clifford},
	Edition = {Third},
	Publisher = {{MIT} Press},
	Title = {Introduction to Algorithms},
	Year = {2009}}

@book{Levitin2012,
	Address = {Upper Saddle River, {NJ}},
	Author = {Levitin, Anany},
	Edition = {Third},
	Publisher = {Pearson Education},
	Title = {Introduction to the Design and Analysis of Algorithms},
	Year = {2012}}

@book{Dale2012,
	Address = {Sudbury, {MA}},
	Author = {Dale, Nell and Joyce, Daniel T. and Weems, Chip},
	Edition = {Third},
	Publisher = {Jones and Bartlett Learning},
	Title = {Object-Oriented Data Structures Using Java},
	Year = {2012}}

@book{Morin2011a,
	Author = {Morin, Pat},
	Edition = {0.1E{$\beta$}},
	Howpublished = {Available online at: \url{http://opendatastructures.org/ods-cpp.pdf}; December 29, 2012 was the last accessed date},
	Publisher = {Self-published},
	Title = {Open Data Structures (in {C++})},
	Url = {http://opendatastructures.org/},
	Year = {2011}}

@book{Morin2011,
	Author = {Morin, Pat},
	Edition = {0.1E},
	Howpublished = {Available online at: \url{http://opendatastructures.org/ods-java.pdf}; December 29, 2012 was the last accessed date},
	Publisher = {Self-published},
	Title = {Open Data Structures (in {Java})},
	Url = {http://opendatastructures.org/},
	Year = {2011}}

@book{Skiena2008,
	Address = {London, {U.K.}},
	Author = {Skiena, Steven S.},
	Doi = {http://dx.doi.org/10.1007/978-1-84800-070-4},
	Edition = {Second},
	Publisher = {Springer-Verlag London},
	Title = {The Algorithm Design Manual},
	Year = {2008}}

@book{Kahng2011,
	Address = {New York, {NY}},
	Author = {Kahng, Andrew B. and Lienig, Jens and Markov, Igor L. and Hu, Jin},
	Doi = {http://dx.doi.org/10.1007/978-90-481-9591-6},
	Publisher = {Springer Science+Business Media, {B.V.}},
	Title = {{VLSI} Physical Design: From Graph Partitioning to Timing Closure},
	Year = {2011}}

@book{Heineman2009,
	Address = {Sebastopol, {CA}},
	Author = {Heineman, George T. and Pollice, Gary and Selkow, Stanley},
	Publisher = {O'Reilly Media},
	Title = {Algorithms in a Nutshell: A Desktop Quick Reference},
	Year = {2009}}

@book{Miller2013,
	Address = {Boston, {MA}},
	Author = {Miller, Russ and Boxer, Laurence},
	Edition = {Third},
	Publisher = {Cengage Learning},
	Title = {Algorithms Sequential {\rm \&} Parallel: A Unified Approach},
	Year = {2013}}

@book{Cormen2013,
	Address = {Cambridge, {MA}},
	Author = {Cormen, Thomas H.},
	Publisher = {{MIT} Press},
	Title = {Algorithms Unlocked},
	Year = {2013}}

@book{Soltys2012,
	Address = {Singapore},
	Author = {Soltys, Michael},
	Edition = {Second},
	Publisher = {World Scientific Publishing},
	Title = {An Introduction to the Analysis of Algorithms},
	Year = {2012}}

@book{McConnell2008,
	Address = {Sudbury, {MA}},
	Author = {{McConnell}, Jeffrey J.},
	Edition = {Second},
	Publisher = {Jones and Bartlett Publishers},
	Title = {Analysis of Algorithms: An Active Learning Approach},
	Year = {2008}}

@book{McConnell2001,
	Address = {Sudbury, {MA}},
	Author = {{McConnell}, Jeffrey J.},
	Publisher = {Jones and Bartlett Publishers},
	Title = {Analysis of Algorithms: An Active Learning Approach},
	Year = {2001}}

@book{Edmonds2008,
	Address = {New York, {NY}},
	Author = {Edmonds, Jeff},
	Publisher = {Cambridge University Press},
	Title = {How to Think about Algorithms},
	Year = {2008}}

@book{Savitch2012,
	Address = {Reading, {MA}},
	Author = {Savitch, Walter},
	Edition = {Eighth},
	Publisher = {Addison-Wesley},
	Title = {Problem Solving with {C++}},
	Year = {2012}}

@book{Green2012a,
	Author = {Green, Bradley},
	Publisher = {Self-published},
	Title = {Programming Problems: Advanced Algorithms},
	Volume = {2},
	Year = {2012}}
